<?xml version="1.0" encoding="UTF-8" standalone="no"?>

<searchRetrieveResponse xmlns="http://www.loc.gov/zing/srw/" xmlns:oclcterms="http://purl.org/oclc/terms/" xmlns:dc="http://purl.org/dc/elements/1.1/" xmlns:diag="http://www.loc.gov/zing/srw/diagnostic/" xmlns:xsi="http://www.w3.org/2001/XMLSchema-instance">
<version>1.1</version>
<numberOfRecords>1</numberOfRecords>
<records>
<record>
<recordSchema>marcxml</recordSchema>
<recordPacking>xml</recordPacking>
<recordData>
<record xmlns="http://www.loc.gov/MARC21/slim">
    <leader>00000cam a2200000M  4500</leader>

    <controlfield tag="001">320068522</controlfield>
    <controlfield tag="008">090504s1975    cau      m    000 0 eng d</controlfield>
    <controlfield tag="009">781</controlfield>
    <datafield ind1=" " ind2=" " tag="040">
      <subfield code="a">CLU</subfield>
      <subfield code="c">CLU</subfield>

    </datafield>
    <datafield ind1="1" ind2=" " tag="100">
      <subfield code="a">Carde, Richard Scott.</subfield>
    </datafield>
    <datafield ind1="1" ind2="0" tag="245">
      <subfield code="a">Creative design thesis :</subfield>
      <subfield code="b">UCLA dance building /</subfield>

      <subfield code="c">by Richard Scott Carde.</subfield>
    </datafield>
    <datafield ind1=" " ind2=" " tag="260">
      <subfield code="a">Los Angeles,</subfield>
      <subfield code="c">1975.</subfield>
    </datafield>
    <datafield ind1=" " ind2=" " tag="300">

      <subfield code="a">v, 7 leaves :</subfield>
      <subfield code="b">5 fold. ill. ;</subfield>
      <subfield code="c">29 x 38 cm.</subfield>
    </datafield>
    <datafield ind1=" " ind2=" " tag="500">
      <subfield code="a">Typewritten (photocopy).</subfield>
    </datafield>

    <datafield ind1=" " ind2=" " tag="500">
      <subfield code="a">Includes abstract.</subfield>
    </datafield>
    <datafield ind1=" " ind2=" " tag="502">
      <subfield code="a">Thesis (M.Arch.)--UCLA--Architecture.</subfield>
    </datafield>
    <datafield ind1="2" ind2="0" tag="610">
      <subfield code="a">University of California, Los Angeles</subfield>

      <subfield code="x">Buildings.</subfield>
    </datafield>
    <datafield ind1=" " ind2="7" tag="655">
      <subfield code="a">Dissertations, Academic</subfield>
      <subfield code="z">UCLA</subfield>
      <subfield code="x">Architecture.</subfield>
      <subfield code="2">local</subfield>

    </datafield>
    <datafield ind1="0" ind2=" " tag="740">
      <subfield code="a">UCLA dance building.</subfield>
    </datafield>
    <datafield ind1="0" ind2=" " tag="740">
      <subfield code="a">Dance building.</subfield>
    </datafield>
  </record>

</recordData>
</record>
</records>
<nextRecordPosition/>
<resultSetIdleTime/>
<echoedSearchRetrieveRequest xmlns:srw="http://www.loc.gov/zing/srw/">
<version>1.1</version>
<query> srw.no= "320068522" </query>
<maximumRecords>10</maximumRecords>
<recordPacking>xml</recordPacking>
<startRecord>1</startRecord>

<sortKeys>Score,,0</sortKeys>
<wskey></wskey>
<servicelevel>full</servicelevel>
</echoedSearchRetrieveRequest>
</searchRetrieveResponse>
